%% Saved with string encoding Unicode (UTF-8) 


%
% FOOTNOTES
%

% \emph{Gartner Highlights Key Predictions for IT Organizations and Users in 2010 and Beyond} [interaktyvus]. [JAV]: gartner.com, 2010 [žiūrėta 2010 m. balandžio 10 d.]. Prieiga per internetą: <\url{http://www.gartner.com/it/page.jsp?id=1278413}>.
@misc{gartner_highlights_key_predictions_for_it_organisations_and_users_in_2010_and_beyond,
	Title = "{Gartner Highlights Key Predictions for IT Organizations and Users in 2010 and Beyond}",
	Publisher = "{gartner.com}",
	Address = "{JAV}",
	Howpublished = {\url{http://www.gartner.com/it/page.jsp?id=1278413}},
	Year = {2010},
	Note = "{2010 m. balandžio 10 d.}"}

% \emph{Learn About Java Technology} [interaktyvus]. [JAV]: java.com, 2010 [žiūrėta 2010 m. birželio 10 d.]. Prieiga per internetą: <http://www.java.com/en/about/>.
@misc{java_com_learn_about_java_technology,
	Title = "{Learn About Java Technology}",
	Publisher = "{java.com}",
	Address = "{JAV}",
	Howpublished = {\url{http://www.java.com/en/about/}},
	Year = {2010},
	Note = "{2010 m. birželio 10 d.}"}

% \emph{Apple iPhone Technical Specifications} [interaktyvus]. [JAV]: apple.com, 2010 [žiūrėta 2010 m. birželio 10 d.]. Prieiga per internetą: <http://www.apple.com/iphone/specs.html>.
@misc{apple_com_iphone_technical_specifications,
	Title = "{Apple iPhone Technical Specifications}",
	Publisher = "{apple.com}",
	Address = "{JAV}",
	Howpublished = {\url{http://www.apple.com/iphone/specs.html}},
	Year = {2010},
	Note = "{2010 m. birželio 10 d.}"}

% \emph{J2ME Technology Turns 5!} [interaktyvus]. [JAV]: developers.sun.com, 2004 [žiūrėta 2010 m. birželio 10 d.]. Prieiga per internetą: <http://developers.sun.com/mobility/j2me/articles/5anniversary.html>.
@misc{sun_com_j2me_technology_turns_5,
	Title = "{J2ME Technology Turns 5!}",
	Publisher = "{developers.sun.com}",
	Address = "{JAV}",
	Howpublished = {\url{http://developers.sun.com/mobility/j2me/articles/5anniversary.html}},
	Year = {2004},
	Note = "{2010 m. birželio 10 d.}"}

% \emph{Apple Reinvents the Phone with iPhone} [interaktyvus]. [JAV]: apple.com, 2007 [žiūrėta 2010 m. birželio 10 d.]. Prieiga per internetą: <http://www.apple.com/pr/library/2007/01/09iphone.html>.
@misc{apple_com_reinvents_the_phone_with_iphone,
	Title = "{Apple Reinvents the Phone with iPhone}",
	Publisher = "{apple.com}",
	Address = "{JAV}",
	Howpublished = {\url{http://www.apple.com/pr/library/2007/01/09iphone.html}},
	Year = {2007},
	Note = "{2010 m. birželio 10 d.}"}

% \emph{Apple Introduces the New iPhone 3G} [interaktyvus]. [JAV]: apple.com, 2008 [žiūrėta 2010 m. birželio 10 d.]. Prieiga per internetą: <http://www.apple.com/pr/library/2008/06/09iphone.html>.
@misc{apple_com_introduces_the_new_iphone_3g,
	Title = "{Apple Introduces the New iPhone 3G}",
	Publisher = "{apple.com}",
	Address = "{JAV}",
	Howpublished = {\url{http://www.apple.com/pr/library/2008/06/09iphone.html}},
	Year = {2008},
	Note = "{2010 m. birželio 10 d.}"}

% \emph{Why the iPhone is success – Not for the reasons you think} [interaktyvus]. [Didžioji Britanija]: theregister.co.uk, 2007 [žiūrėta 2010 m. birželio 10 d.]. Prieiga per internetą: <http://www.theregister.co.uk/2007/07/12/kewney_iphone_magic/>.
@misc{theregister_why_the_iphone_is_success_not_for_the_reasons_you_think,
	Title = "{Why the iPhone is success -- Not for the reasons you think}",
	Publisher = "{theregister.co.uk}",
	Address = "{Didžioji Britanija}",
	Howpublished = {\url{http://www.theregister.co.uk/2007/07/12/kewney_iphone_magic/}},
	Year = {2007},
	Note = "{2010 m. birželio 10 d.}"}

% \emph{iPhones, App Stores and Ecosystems} [interaktyvus]. [Didžioji Britanija]: broadcast.oreilly.com, 2009 [žiūrėta 2010 m. birželio 10 d.]. Prieiga per internetą: <http://broadcast.oreilly.com/2009/03/iphones-app-stores-and-ecosyst.html>.
@misc{oreilly_iphones_app_stores_and_ecosystems,
	Title = "{iPhones, App Stores and Ecosystems}",
	Publisher = "{boardcast.oreilly.com}",
	Address = "{Didžioji Britanija}",
	Howpublished = {\url{http://broadcast.oreilly.com/2009/03/iphones-app-stores-and-ecosyst.html}},
	Year = {2009},
	Note = "{2010 m. birželio 10 d.}"}

% \emph{Native iPhone apps vs. Web apps} [interaktyvus]. [JAV]: quirksmode.org, 2009 [žiūrėta 2010 m. birželio 10 d.]. Prieiga per internetą: <http://www.quirksmode.org/blog/archives/2009/11/native_iphone_a.html>.
@misc{quirksmode_native_iphone_apps_vs_web_apps,
	Title = "{Native iPhone apps vs. Web apps}",
	Publisher = "{quirksmode.org}",
	Address = "{JAV}",
	Howpublished = {\url{http://www.quirksmode.org/blog/archives/2009/11/native_iphone_a.html}},
	Year = {2009},
	Note = "{2010 m. birželio 10 d.}"}

% \emph{Secrets Behind 3 branded iPhone app successes} [interaktyvus]. [JAV]: imediaconnection.com, 2009 [žiūrėta 2010 m. birželio 10 d.]. Prieiga per internetą: <http://www.imediaconnection.com/content/22119.asp>.
@misc{imediaconnection_secrets_behind_3_branded_iphone_app_successes,
	Title = "{Secrets Behind 3 branded iPhone app successes}",
	Publisher = "{imediaconnection.com}",
	Address = "{JAV}",
	Howpublished = {\url{http://www.imediaconnection.com/content/22119.asp}},
	Year = {2009},
	Note = "{2010 m. birželio 10 d.}"}

% \emph{What's the latest about Web Runtime from Nokia?} [interaktyvus]. [Suomija]: www.forum.nokia.com, 2010 [žiūrėta 2010 m. birželio 10 d.]. Prieiga per internetą: <http://www.forum.nokia.com/Develop/Web/Web_runtime.xhtml>.
@misc{nokia_whats_the_latest_about_web_runtime_from_nokia,
	Title = "{What's the latest about Web Runtime from Nokia?}",
	Publisher = "{www.forum.nokia.com}",
	Address = "{Suomija}",
	Howpublished = {\url{http://www.forum.nokia.com/Develop/Web/Web_runtime.xhtml}},
	Year = {2010},
	Note = "{2010 m. birželio 10 d.}"}

% \emph{iPhone Developer Program License Agreement} [interaktyvus]. [JAV]: apple.com, 2010 [žiūrėta 2010 m. birželio 10 d.]. Prieiga per internetą: <https://developer.apple.com/iphone/terms/program/iphone_standard_agreement_20100607.pdf>.
@misc{apple_iphone_developer_program_license_agreement,
	Title = "{iPhone Developer Program License Agreement}",
	Publisher = "{apple.com}",
	Address = "{JAV}",
	Howpublished = {\url{https://developer.apple.com/iphone/terms/program/iphone_standard_agreement_20100607.pdf}},
	Year = {2010},
	Note = "{2010 m. birželio 10 d.}"}

% \emph{Apple backtracks on iPhone sex ban} [interaktyvus]. [Didžioji Britanija]: guardian.co.uk, 2009 [žiūrėta 2010 m. birželio 10 d.]. Prieiga per internetą: <http://www.guardian.co.uk/technology/blog/2009/may/24/iphone-ban-eucalyptus>.
@misc{guardian_apple_backtracks_on_iphone_sex_ban,
	Title = "{Apple backtracks on iPhone sex ban}",
	Publisher = "{guardian.co.uk}",
	Address = "{Didžioji Britanija}",
	Howpublished = {\url{http://www.guardian.co.uk/technology/blog/2009/may/24/iphone-ban-eucalyptus}},
	Year = {2009},
	Note = "{2010 m. birželio 10 d.}"}

% \emph{The Sun's 'obscene' Page 3 girls get iPhone newspaper app banned by Apple} [interaktyvus]. [Didžioji Britanija]: guardian.co.uk, 2009 [žiūrėta 2010 m. birželio 10 d.]. Prieiga per internetą: <http://www.guardian.co.uk/media/pda/2009/may/06/sun-newsinternational>.
@misc{guardian_the_suns_obscene_page_3_girls_get_iphone_newspaper_app_banned_by_apple,
	Title = "{The Sun's `obscene' Page 3 girls get iPhone newspaper app banned by Apple}",
	Publisher = "{guardian.co.uk}",
	Address = "{Didžioji Britanija}",
	Howpublished = {\url{http://www.guardian.co.uk/media/pda/2009/may/06/sun-newsinternational}},
	Year = {2009},
	Note = "{2010 m. birželio 10 d.}"}

% \emph{Publishers Question Apple's Rejection of Nudity} [interaktyvus]. [JAV]: nytimes.com, 2010 [žiūrėta 2010 m. birželio 10 d.]. Prieiga per internetą: <http://www.nytimes.com/2010/03/15/technology/15cache.html>.
@misc{nytimes_publishers_question_apples_rejection_of_nudity,
	Title = "{Publishers Question Apple's Rejection of Nudity}",
	Publisher = "{nytimes.com}",
	Address = "{JAV}",
	Howpublished = {\url{http://www.nytimes.com/2010/03/15/technology/15cache.html}},
	Year = {2010},
	Note = "{2010 m. birželio 10 d.}"}

% \emph{German Publisher in row with Apple over pin-ups in iPhone app} [interaktyvus]. [Didžioji Britanija]: guardian.co.uk, 2010 [žiūrėta 2010 m. birželio 10 d.]. Prieiga per internetą: <http://www.guardian.co.uk/media/pda/2010/mar/09/bild-iphone-app>.
@misc{guardian_german_publisher_in_row_with_apple_over_pin_ups_in_iphone_app,
	Title = "{German Publisher in row with Apple over pin-ups in iPhone app}",
	Publisher = "{guardian.co.uk}",
	Address = "{Didžioji Britanija}",
	Howpublished = {\url{http://www.guardian.co.uk/media/pda/2010/mar/09/bild-iphone-app}},
	Year = {2010},
	Note = "{2010 m. birželio 10 d.}"}

% \emph{A Pulitzer Winner Gets Apple's Reconsideration} [interaktyvus]. [JAV]: nytimes.com, 2010 [žiūrėta 2010 m. birželio 10 d.]. Prieiga per internetą: <http://www.nytimes.com/2010/04/17/books/17cartoonist.html>.
@misc{nytimes_a_pulitzer_winner_gets_apples_reconsideration,
	Title = "{A Pulitzer Winner Gets Apple's Reconsideration}",
	Publisher = "{nytimes.com}",
	Address = "{JAV}",
	Howpublished = {\url{http://www.nytimes.com/2010/04/17/books/17cartoonist.html}},
	Year = {2010},
	Note = "{2010 m. birželio 10 d.}"}

% \emph{Apple's App Store: The New Walled Garden} [interaktyvus]. [JAV]: techcrunch.com, 2008 [žiūrėta 2010 m. birželio 10 d.]. Prieiga per internetą: <http://techcrunch.com/2008/07/24/apples-app-store-the-new-walled-garden/>.
@misc{techcrunch_apples_app_store_the_new_walled_garden,
	Title = "{Apple's App Store: The New Walled Garden}",
	Publisher = "{techcrunch.com}",
	Address = "{JAV}",
	Howpublished = {\url{http://techcrunch.com/2008/07/24/apples-app-store-the-new-walled-garden/}},
	Year = {2008},
	Note = "{2010 m. birželio 10 d.}"}

% \emph{Apple and App Store censorship: where to draw the line?} [interaktyvus]. [JAV]: arstechnica.com, 2009 [žiūrėta 2010 m. birželio 10 d.]. Prieiga per internetą: <http://arstechnica.com/apple/news/2009/01/apple-and-app-store-censorship-where-to-draw-the-line.ars>.
@misc{arstechnica_apple_and_app_store_censorship_where_to_draw_the_line,
	Title = "{Apple and App Store censorship: where to draw the line?}",
	Publisher = "{arstechnica.com}",
	Address = "{JAV}",
	Howpublished = {\url{http://arstechnica.com/apple/news/2009/01/apple-and-app-store-censorship-where-to-draw-the-line.ars}},
	Year = {2009},
	Note = "{2010 m. birželio 10 d.}"}

% \emph{Apple's App Store Downloads Top 1.5 Billion in First Year} [interaktyvus]. [JAV]: apple.com, 2009 [žiūrėta 2010 m. birželio 10 d.]. Prieiga per internetą: <http://www.apple.com/pr/library/2009/07/14apps.html>.
@misc{apple_app_store_downloads_top_1_point_5_billion_in_first_year,
	Title = "{Apple's App Store Downloads Top 1.5 Billion in First Year}",
	Publisher = "{apple.com}",
	Address = "{JAV}",
	Howpublished = {\url{http://www.apple.com/pr/library/2009/07/14apps.html}},
	Year = {2009},
	Note = "{2010 m. birželio 10 d.}"}

% \emph{Opera Mini & Opera Mobile} [interaktyvus]. [Norvegija]: opera.com, 2010 [žiūrėta 2010 m. birželio 10 d.]. Prieiga per internetą: <http://www.opera.com/mobile/>.
@misc{opera_mini_and_mobile,
	Title = "{Opera Mini \& Opera Mobile}",
	Publisher = "{opera.com}",
	Address = "{Norvegija}",
	Howpublished = {\url{http://www.opera.com/mobile/}},
	Year = {2010},
	Note = "{2010 m. birželio 10 d.}"}

% \emph{gemiusAudience, April 2010 - by Reach} [interaktyvus]. [Lietuva]: audience.lt, 2010 [žiūrėta 2010 m. birželio 10 d.]. Prieiga per internetą: <http://www.audience.lt/pages/display/reach>.
@misc{gemiusaudience_2010_april_by_reach,
	Title = "{gemiusAudience, April 2010 -- by Reach}",
	Publisher = "{audience.lt}",
	Address = "{Lietuva}",
	Howpublished = {\url{http://www.audience.lt/pages/display/reach}},
	Year = {2010},
	Note = "{2010 m. birželio 10 d.}"}

% \emph{What is Flash Professional?} [interaktyvus]. [JAV]: adobe.com, 2010 [žiūrėta 2010 m. birželio 10 d.]. Prieiga per internetą: <http://www.adobe.com/products/flash/whatisflash/>.
@misc{adobe_what_is_flash_professional,
	Title = "{What is Flash Professional?}",
	Publisher = "{adobe.com}",
	Address = "{JAV}",
	Howpublished = {\url{http://www.adobe.com/products/flash/whatisflash/}},
	Year = {2010},
	Note = "{2010 m. birželio 10 d.}"}

% \emph{More than 100,000 downloads of Guardian iPhone app} [interaktyvus]. [Didžioji Britanija]: guardian.co.uk, 2010 [žiūrėta 2010 m. birželio 10 d.]. Prieiga per internetą: <http://www.guardian.co.uk/media/pda/2010/feb/23/guardian-iphone-app-downloads>.
@misc{guardian_more_than_100k_downloads_of_guardian_iphone_app,
	Title = "{More than 100,000 downloads of Guardian iPhone app}",
	Publisher = "{guardian.co.uk}",
	Address = "{Didžioji Britanija}",
	Howpublished = {\url{http://www.guardian.co.uk/media/pda/2010/feb/23/guardian-iphone-app-downloads}},
	Year = {2010},
	Note = "{2010 m. birželio 10 d.}"}

% \emph{What is Participatory Journalism?} [interaktyvus]. [JAV]: ojr.org, 2003 [žiūrėta 2010 m. birželio 10 d.]. Prieiga per internetą: <http://www.ojr.org/ojr/workplace/1060217106.php>.
@misc{ojr_what_is_participatory_journalism,
	Title = "{What is Participatory Journalism?}",
	Publisher = "{ojr.org}",
	Address = "{JAV}",
	Howpublished = {\url{http://www.ojr.org/ojr/workplace/1060217106.php}},
	Year = {2003},
	Note = "{2010 m. birželio 10 d.}"}

% \emph{Teismas D.Kedžio dukrelę grąžino motinai} [interaktyvus]. [Lietuva]: delfi.lt, 2010 [žiūrėta 2010 m. birželio 10 d.]. Prieiga per internetą: <http://www.delfi.lt/archive/article.php?id=32250215>.
@misc{delfi_teismas_kedzio_dukrele_grazino_motinai,
	Title = "{Teismas D.Kedžio dukrelę grąžino motinai}",
	Publisher = "{delfi.lt}",
	Address = "{Lietuva}",
	Howpublished = {\url{http://www.delfi.lt/archive/article.php?id=32250215}},
	Year = {2010},
	Note = "{2010 m. birželio 10 d.}"}

% \emph{Teismas sustabdė sprendimą perduoti D.Kedžio dukrą motinai L.Stankūnaitei} [interaktyvus]. [Lietuva]: delfi.lt, 2010 [žiūrėta 2010 m. birželio 10 d.]. Prieiga per internetą: <http://www.delfi.lt/news/daily/kedys/teismas-sustabde-sprendima-perduoti-dkedzio-dukra-motinai-lstankunaitei.d?id=32560231>.
@misc{delfi_teismas_sustabde_sprendima_perduoti_kedzio_dukra_motinai_stankunaitei,
	Title = "{Teismas sustabdė sprendimą perduoti D.Kedžio dukrą motinai L.Stankūnaitei}",
	Publisher = "{delfi.lt}",
	Address = "{Lietuva}",
	Howpublished = {\url{http://www.delfi.lt/news/daily/kedys/teismas-sustabde-sprendima-perduoti-dkedzio-dukra-motinai-lstankunaitei.d?id=32560231}},
	Year = {2010},
	Note = "{2010 m. birželio 10 d.}"}

% Google Search [interaktyvus]. [JAV]: google.lt, 2010 [žiūrėta 2010 m. birželio 10 d.]. Prieiga per internetą: <http://www.google.lt/search?q="http://www.ustream.tv/channel/kaunas-vencku-namai">.
@misc{google_search_negyvas_url,
	Title = "{Google Search -- "http://www.ustream.tv/channel/kaunas-vencku-namai"}",
	Publisher = "{google.lt}",
	Address = "{JAV}",
	Howpublished = {\url{http://www.google.lt/search?q="http://www.ustream.tv/channel/kaunas-vencku-namai"}},
	Year = {2010},
	Note = "{2010 m. birželio 10 d.}"}


%
% BIBLIOGRAFINĖS NUORODOS
%

% ERJAVEC, Karmen; ir KOVAČIČ, Melita Poler. A Discursive Approach to Genre: Mobi News. In \emph{European Journal of Communication} [interaktyvus]. 2009, vol. 24, no. 2 [žiūrėta 2010 m. birželio 10 d.], p. 147–164. Prieiga per internetą: <http://ejc.sagepub.com/cgi/content/abstract/24/2/147>.
@article{erjavec_kovacic_2009,
	Author = {Karmen {ERJAVEC} and Melita Poler {KOVAČIČ}},
	Title = {A Discursive Approach to Genre: Mobi News},
	Journal = {European Journal of Communication},
	Year = {2009},
	Volume = {24},
	Number = {2},
	Note = "{2010 m. birželio 10 d.}",
	Pages = {147-164},
	Howpublished = {\url{http://ejc.sagepub.com/cgi/content/abstract/24/2/147}}}

% FORTUNATI, Leopoldina. Mediatization of the Net and Internetization of the Mass Media. In \emph{Gazette} [interaktyvus]. 2005, vol. 67, no. 1 [žiūrėta 2010 m. birželio 10 d.], p. 27–44. Prieiga per internetą: <http://gaz.sagepub.com/cgi/content/abstract/67/1/27>.
@article{fortunati_2005,
	Author = {Leopoldina {FORTUNATI}},
	Title = {Mediatization of the Net and Internetization of the Mass Media},
	Journal = {Gazette},
	Year = {2005},
	Volume = {67},
	Number = {1},
	Note = "{2010 m. birželio 10 d.}",
	Pages = {27-44},
	Howpublished = {\url{http://gaz.sagepub.com/cgi/content/abstract/67/1/27}}}

% HUJANEN, Jaana; ir PIETIKAINEN, Sari. Interactive Uses of Journalism: Crossing Between Technological Potential and Young People's News–Using Practices. In \emph{New Media & Society} [interaktyvus]. 2004, vol. 6, no. 3 [žiūrėta 2010 m. birželio 10 d.], p. 383–401. Prieiga per internetą: <http://nms.sagepub.com/cgi/content/abstract/6/3/383>.
@article{fortunati_2005,
	Author = {Jaana {HUJANEN} and Sari {PIETIKAINEN}},
	Title = {Interactive Uses of Journalism: Crossing Between Technological Potential and Young People's News–Using Practices},
	Journal = {New Media \& Society},
	Year = {2004},
	Volume = {6},
	Number = {3},
	Note = "{2010 m. birželio 10 d.}",
	Pages = {383-401},
	Howpublished = {\url{http://nms.sagepub.com/cgi/content/abstract/6/3/383}}}

% NILLSON, Andreas; NULDÉN, Urban; ir OLLSON, Daniel. Mobile Media: The Convergence of Media and Mobile Communications. In \emph{Convergence: The Journal of Research into New Media Technologies} [interaktyvus]. 2001, vol. 7, no. 1 [žiūrėta 2010 m. birželio 10 d.], p. 34–38. Prieiga per internetą: <http://www.viktoria.se/nulden/Publ/PDF/Convergence.pdf>.
@article{nillson_nulden_ollson_2001,
	Author = {Andreas {NILLSON} and Urban {NULDÉN} and Daniel {OLLSON}},
	Title = {Mobile Media: The Convergence of Media and Mobile Communications},
	Journal = {Convergence: The Journal of Research into New Media Technologies},
	Year = {2001},
	Volume = {7},
	Number = {1},
	Note = "{2010 m. birželio 10 d.}",
	Pages = {34-38},
	Howpublished = {\url{http://www.viktoria.se/nulden/Publ/PDF/Convergence.pdf}}}

% NYSVEEN, Herbjorn; PEDERSEN, Per E.; THORBJORNSEN, Helge; ir BERTHON, Pierre. Mobilizing the Brand: The Effects of Mobile Services on Brand Relationships and Main Channel Use. In \emph{Journal of Service Research} [interaktyvus]. 2005, vol. 7, no. 3 [žiūrėta 2010 m. birželio 10 d.], p. 257–276. Prieiga per internetą: <http://jsr.sagepub.com/cgi/content/abstract/7/3/257>.
@article{nysveen_pedersen_thorbjornsen_berthon_2005,
	Author = {Herbjorn {NYSVEEN} and Per E. {PEDERSEN} and Helge {THORBJORNSEN} and Pierre {BERTHON}},
	Title = {Mobilizing the Brand: The Effects of Mobile Services on Brand Relationships and Main Channel Use},
	Journal = {Journal of Service Research},
	Year = {2005},
	Volume = {7},
	Number = {3},
	Note = "{2010 m. birželio 10 d.}",
	Pages = {257-276},
	Howpublished = {\url{http://jsr.sagepub.com/cgi/content/abstract/7/3/257}}}

% PAVLIK, John V. \emph{Journalism and New Media}. New York, NY, USA: Columbia University Press, 2001. 264 p. ISBN 0231–114–82–6.
@book{pavlik_journalism_and_new_media,
	Author = {John V. {PAVLIK}},
	Title = {Journalism and New Media},
	Address = {New York, NY, USA},
	Publisher = {Columbia University Press},
	Year = {2001},
	Pages = {264},
	Isbn = {0231–114–82–6}}

% RISH, Ryan M. \emph{User–Generated Content of an Online Newspaper: A Contested Form of Civic Engagement} [interaktyvus]. [Cambridge, MA, USA]: Massachusetts Institute of Technology, 2009 [žiūrėta 2010 m. birželio 10 d.]. Prieiga per internetą: <http://web.mit.edu/comm-forum/mit6/papers/Rish.pdf>.
@book{rish_user_generated_content,
	Author = {Ryan M. {RISH}},
	Title = {User–Generated Content of an Online Newspaper: A Contested Form of Civic Engagement},
	Address = {Cambridge, MA, USA},
	Publisher = {Massachusetts Institute of Technology},
	Year = {2009},
	Note = "{2010 m. birželio 10 d.}",
	Howpublished = {\url{http://web.mit.edu/comm-forum/mit6/papers/Rish.pdf}}}

% URSELL, Gillian D. M. Dumbing down or shaping up?: New technologies, new media, new journalism. In \emph{Journalism} [interaktyvus]. 2001, vol. 2, no. 2 [žiūrėta 2010 m. birželio 10 d.], p. 175–196. Prieiga per internetą: <http://jou.sagepub.com/cgi/content/abstract/2/2/175>.
@article{ursell_2001,
	Author = {Gillian D. M. {URSELL}},
	Title = {Dumbing down or shaping up?: New technologies, new media, new journalism},
	Journal = {Journalism},
	Year = {2001},
	Volume = {2},
	Number = {2},
	Note = "{2010 m. birželio 10 d.}",
	Pages = {175-196},
	Howpublished = {\url{http://jou.sagepub.com/cgi/content/abstract/2/2/175}}}

% WESTLUND, Oscar. New(s) functions for the mobile: a cross–cultural study. In \emph{New Media \& Society} [interaktyvus]. 2010, vol. 12, no. 1 [žiūrėta 2010 m. birželio 10 d.], p. 91–108. Prieiga per internetą: <http://nms.sagepub.com/cgi/content/abstract/12/1/91>.
@article{westlund_2010,
	Author = {Oscar {WESTLUND}},
	Title = {New(s) functions for the mobile: a cross–cultural study},
	Journal = {New Media \& Society},
	Year = {2010},
	Volume = {12},
	Number = {1},
	Note = "{2010 m. birželio 10 d.}",
	Pages = {91-108},
	Howpublished = {\url{http://nms.sagepub.com/cgi/content/abstract/12/1/91}}}

% WILSON, Jason. 3G to Web 2.0? Can Mobile Telephony Become an Architecture of Participation? In \emph{Convergence: The International Journal of Research into New Media Technologies} [interaktyvus]. 2007, vol. 13, no. 3 [žiūrėta 2010 m. birželio 10 d.], p. 307–319. Prieiga per internetą: <http://con.sagepub.com/cgi/content/abstract/13/3/307>.
@article{wilson_2007,
	Author = {Jacon {WILSON}},
	Title = {3G to Web 2.0? Can Mobile Telephony Become an Architecture of Participation?},
	Journal = {Convergence: The International Journal of Research into New Media Technologies},
	Year = {2007},
	Volume = {13},
	Number = {3},
	Note = "{2010 m. birželio 10 d.}",
	Pages = {307-319},
	Howpublished = {\url{http://con.sagepub.com/cgi/content/abstract/13/3/307}}}
