%% This BibTeX bibliography file was created using BibDesk.
%% http://bibdesk.sourceforge.net/


%% Created for Linas Valiukas at 2011-09-03 23:54:24 +0300 


%% Saved with string encoding Unicode (UTF-8) 



@article{os_the_noble_pirate_the_voice_of_peace_offshore_radio_station,
	Author = {Oren {SOFFER}},
	Date-Added = {2011-09-03 20:53:16 +0000},
	Date-Modified = {2011-09-03 20:54:24 +0000},
	Journal = {Journal of Israeli History},
	Month = {September},
	Volume = {29},
	Number = {2},
	Pages = {159-174},
	Title = {"The noble pirate": The Voice of Peace offshore radio station},
	Year = {2010}}

@article{yk_the_other_media_alternative_communications_in_israel,
	Author = {Yaron {KATZ}},
	Date-Added = {2011-09-03 20:51:44 +0000},
	Date-Modified = {2011-09-03 20:53:08 +0000},
	Journal = {International Journal of Cultural Studies},
	Month = {September},
	Number = {3},
	Pages = {383-400},
	Title = {The 'other media' −− alternative communications in Israel},
	Volume = {10},
	Year = {2007}}

@misc{sfgate_in_israel_pirate_radio_plies_mainstream,
	Author = {Elaine Ruth {FLETCHER}},
	Publisher = "{San Francisco Chronicle}",
	Date-Added = {2011-09-03 20:50:29 +0000},
	Date-Modified = {2011-09-03 20:51:36 +0000},
	Howpublished = {\url{http://www.sfgate.com/cgi-bin/article.cgi?f=/e/a/1998/07/09/NEWS13622.dtl}},
	Note = "{2011 m. rugpjūčio 28 d.}",
	Note = "{2011 m. rugpjūčio 28 d.}",
	Title = {In Israel, Pirate Radio Plies Mainstream},
	Year = {1998}}

@misc{offshore_radio_israel,
	Publisher = "{offshore-radio.de}",
	Date-Added = {2011-09-03 20:49:54 +0000},
	Date-Modified = {2011-09-03 20:50:18 +0000},
	Note = "{2011 m. rugpjūčio 28 d.}",
	Howpublished = {\url{http://www.offshore-radio.de/Israel.htm}},
	Year = {2011},
	Title = {Israeli Offshore Radio}}

@misc{soundscapes_abie_nathans_peace_programme,
	Author = {Hans {KNOT}},
	Publisher = "{Soundscapes: Journal on Media Culture}",
	Date-Added = {2011-09-03 20:49:09 +0000},
	Date-Modified = {2011-09-03 20:49:32 +0000},
	Howpublished = {\url{http://www.icce.rug.nl/~soundscapes/DATABASES/VOP/vop04.shtml}},
	Note = "{2011 m. rugpjūčio 28 d.}",
	Title = {Abie Nathan's Peace Programme},
	Year = {2006}}

@misc{soundscapes_talking_peace_in_new_york,
	Author = {Russell T. {DODWORTH}},
	Publisher = "{Soundscapes: Journal on Media Culture}",
	Date-Added = {2011-09-03 20:48:40 +0000},
	Date-Modified = {2011-09-03 20:49:02 +0000},
	Howpublished = {\url{http://www.icce.rug.nl/~soundscapes/DATABASES/VOP/vop03.shtml}},
	Note = "{2011 m. rugpjūčio 28 d.}",
	Title = {Talking Peace in New York},
	Year = {2006}}

@misc{soundscapes_the_worlds_last_offshore_radio_stations,
	Author = {Martin van der {VEN}},
	Publisher = "{Soundscapes: Journal on Media Culture}",
	Date-Added = {2011-09-03 20:47:46 +0000},
	Date-Modified = {2011-09-03 20:48:33 +0000},
	Howpublished = {\url{http://www.icce.rug.nl/~soundscapes/VOLUME02/Worlds_last_offshore_radio_stations.shtml}},
	Note = "{2011 m. rugpjūčio 28 d.}",
	Title = {The World's Last Offshore Radio Station(s)},
	Year = {2006}}

@misc{soundscapes_voice_of_peace,
	Author = {Hans {KNOT}},
	Publisher = "{Soundscapes: Journal on Media Culture}",
	Date-Added = {2011-09-03 20:45:50 +0000},
	Date-Modified = {2011-09-03 20:47:40 +0000},
	Howpublished = {\url{http://www.icce.rug.nl/~soundscapes/DATABASES/VOP/vop_all.shtml}},
	Note = "{2011 m. rugpjūčio 28 d.}",
	Title = {Remembering ...},
	Year = {2006}}

@misc{israelradio_history,
	Publisher = "{israelradio.org}",
	Date-Added = {2011-09-03 20:44:58 +0000},
	Date-Modified = {2011-09-03 20:49:44 +0000},
	Howpublished = {\url{http://www.israelradio.org/history/history.html}},
	Note = "{2011 m. rugpjūčio 28 d.}",
	Year = {2011},
	Title = {From the Archives - A Brief History of Radio in the Country}}

@article{nmh_pirate_broadcasting_in_european_waters_1965,
	Author = {N. March {HUNNINGS}},
	Date-Added = {2011-09-03 20:42:27 +0000},
	Date-Modified = {2011-09-03 20:43:19 +0000},
	Journal = {The International and Comparative Law Quarterly},
	Month = {April},
	Number = {2},
	Pages = {410-436},
	Title = {Pirate Broadcasting in European Waters},
	Volume = {14},
	Year = {1965}}

@article{tmc_fcc_enforcement_difficulties_with_unlicensed_micro_radio,
	Author = {Ted M. {COOPMAN}},
	Date-Added = {2011-09-03 20:40:51 +0000},
	Date-Modified = {2011-09-03 20:42:02 +0000},
	Journal = {Journal of Broadcasting & Electronic Media},
	Number = {4},
	Pages = {582-602},
	Title = "{FCC enforcement difficulties with unlicensed micro radio}",
	Volume = {43},
	Year = {1999}}

@misc{lr_administraciniu_teises_pazeidimu_kodeksas,
	Publisher = "{lrs.lt}",
	Date-Added = {2011-09-03 20:40:03 +0000},
	Date-Modified = {2011-09-03 20:40:45 +0000},
	Howpublished = {\url{http://www3.lrs.lt/pls/inter3/dokpaieska.showdoc_l?p_id=325275}},
	Title = {Lietuvos Respublikos Administracinių Teisės Pažeidimų Kodeksas},
	Note = "{2011 m. rugpjūčio 28 d.}",
	Year = {2008}}

@misc{lr_elektroniniu_rysiu_istatymas,
	Publisher = "{lrs.lt}",
	Date-Added = {2011-09-03 20:39:12 +0000},
	Date-Modified = {2011-09-03 20:39:56 +0000},
	Howpublished = {\url{http://www3.lrs.lt/pls/inter3/dokpaieska.showdoc_l?p_id=404279&p_query=&p_tr2=}},
	Note = "{2011 m. rugpjūčio 28 d.}",
	Title = {Lietuvos Respublikos Elektroninių Ryšių Įstatymas},
	Year = {2011}}

@misc{ve_palangoje_aptikta_nelegali_radijo_stotis,
	Author = {Giedrė {PETKEVIČIŪTĖ}},
	Publisher = "{Vakarų ekspresas}",
	Date-Added = {2011-09-03 20:38:31 +0000},
	Date-Modified = {2011-09-03 20:39:06 +0000},
	Howpublished = {\url{http://www.ve.lt/naujienos/lietuva/lietuvos-naujienos/palangoje-aptikta-nelegali-radijo-stotis-387913/}},
	Note = "{2011 m. rugpjūčio 28 d.}",
	Title = {Palangoje aptikta nelegali radijo stotis},
	Year = {2004}}

@misc{rtk_nelegali_transliacija_palangoje,
	Publisher = "{Lietuvos radijo ir televizijos komisija}",
	Date-Added = {2011-09-03 20:37:42 +0000},
	Date-Modified = {2011-09-03 20:38:23 +0000},
	Howpublished = {\url{http://www.rtk.lt/lt/naujienos/pranesimai_spaudai/nutraukta_nelegali_transliacija_palangoje}},
	Note = "{2011 m. rugpjūčio 28 d.}",
	Title = {Nutraukta nelegali transliacija Palangoje},
	Year = {2004}}

@book{ja_a_can_of_worms_pirate_radio_as_public_intransigence_of_the_public_airwaves,
	Author = {John Nathan {ANDERSON}},
	Date-Added = {2011-09-03 20:34:56 +0000},
	Date-Modified = {2011-09-03 20:37:27 +0000},
	Pages = {160},
	Address = {Wisconsin},
	Publisher = {University of Wisconsin-Madison},
	Title = {A Can of Worms: Pirate Radio as Public Intransigence on the Public Airwaves},
	Year = {2004}}

@misc{worlddab,
	Publisher = "{worlddab.org}",
	Date-Added = {2011-09-03 20:34:01 +0000},
	Date-Modified = {2011-09-03 20:34:40 +0000},
	Howpublished = {\url{http://www.worlddab.org/introduction_to_digital_broadcasting/dab_digital_radio}},
	Note = "{2011 m. rugpjūčio 28 d.}",
	Year = {2011},
	Title = {DAB - Digital Radio}}

@misc{ofcom_pirate_radio_rooftop_ban,
	Publisher = "{Ofcom}",
	Date-Added = {2011-09-03 20:33:22 +0000},
	Date-Modified = {2011-09-03 20:33:55 +0000},
	Howpublished = {\url{http://consumers.ofcom.org.uk/2009/09/pirate-radio-rooftop-ban/}},
	Note = "{2011 m. rugpjūčio 28 d.}",
	Title = {Pirate radio rooftop ban},
	Year = {2009}}

@misc{ofcom_illegal_broadcasting_factsheet,
	Publisher = "{Ofcom}",
	Date-Added = {2011-09-03 20:32:50 +0000},
	Date-Modified = {2011-09-03 20:33:17 +0000},
	Howpublished = {\url{http://stakeholders.ofcom.org.uk/binaries/enforcement/spectrum-enforcement/factsheet.pdf}},
	Note = "{2011 m. rugpjūčio 28 d.}",
	Title = {Illegan Broadcasting Factsheet},
	Year = {2008}}

@book{jw_rebels_on_the_air_an_alternative_history_of_radio_in_america,
	Author = {Jesse {WALKER}},
	Date-Added = {2011-09-03 20:31:42 +0000},
	Date-Modified = {2011-09-03 20:32:39 +0000},
	Isbn = {978-0814793817},
	Pages = {326},
	Publisher = {NYU Press},
	Address = {New York},
	Title = {Rebels on the Air: An Alternative History of Radio in America},
	Year = {2001}}

@book{rc_selling_the_sixties_the_pirates_and_pop_music_radio,
	Author = {Robert {CHAPMAN}},
	Date-Added = {2011-09-03 20:30:20 +0000},
	Date-Modified = {2011-09-03 20:31:33 +0000},
	Isbn = {978-0415079709},
	Pages = {312},
	Publisher = {Routledge},
	Address = {New York},
	Title = {Selling the Sixties: The Pirates and Pop Music Radio},
	Year = {1992}}

@book{zt_complete_manual_of_pirate_radio,
	Author = {Zeke {TEFLON}},
	Date-Added = {2011-09-03 20:29:36 +0000},
	Date-Modified = {2011-09-03 20:30:02 +0000},
	Isbn = {978-0961328993},
	Pages = {13},
	Publisher = "{Sharp Press}",
	Address = {Tuscon},
	Title = {Complete Manual of Pirate Radio},
	Year = {1994}}

@misc{ofcom_pirate_radio_fines,
	Publisher = "{Ofcom}",
	Date-Added = {2011-09-03 20:28:49 +0000},
	Date-Modified = {2011-09-03 20:29:28 +0000},
	Note = "{2011 m. rugpjūčio 28 d.}",
	Howpublished = {\url{http://www.ofcom.org.uk/static/archive/ra/topics/enforcement/pirate.htm}},
	Year = {2011},
	Title = {Pirate Radio}}

@article{new_scientist_how_airwave_pirates_are_going_online,
	Author = {Paul {MARKS}},
	Date-Added = {2011-09-03 20:28:23 +0000},
	Date-Modified = {2011-09-03 20:28:43 +0000},
	Journal = "{New Scientist}",
	Month = {June},
	Volume = {202},
	Number = {2711},
	Pages = {20},
	Title = {How airwave pirates are going online},
	Year = {2009}}

@article{ay_low_power_fm_transmitters_electronics_now,
	Author = {Andrew {YODER}},
	Date-Added = {2011-09-03 20:27:02 +0000},
	Date-Modified = {2011-09-03 20:28:11 +0000},
	Journal = {Electronics Now},
	Month = {August},
	Vol = {70},
	Number = {8},
	Pages = {37-40},
	Title = {Low-Power FM Transmitters},
	Year = {1999}}

@misc{radio_sutch,
	Publisher = "{offshoreechos.com}",
	Date-Added = {2011-09-03 20:26:13 +0000},
	Date-Modified = {2011-09-03 20:26:55 +0000},
	Note = "{2011 m. rugpjūčio 28 d.}",
	Howpublished = {\url{http://www.offshoreechos.com/forts/radio_sutch.htm}},
	Year = {2011},
	Title = {Radio Sutch}}

@misc{tony_pine,
	Publisher = "{offshoreradio.co.uk}",
	Date-Added = {2011-09-03 20:25:28 +0000},
	Date-Modified = {2011-09-03 20:26:07 +0000},
	Note = "{2011 m. rugpjūčio 28 d.}",
	Year = {2011},
	Howpublished = {\url{http://www.offshoreradio.co.uk/engine2.htm}},
	Title = {The Pirate Radio Hall of Fame: offshore radio engineers of the sixties}}

@misc{bbc_radio_4_do_pirates_rule_the_air_waves,
	Author = {Trevor {NELSON}},
	Publisher = "{BBC Radio 4}",
	Date-Added = {2011-09-03 20:24:26 +0000},
	Date-Modified = {2011-09-03 20:25:18 +0000},
	Howpublished = {\url{http://www.bbc.co.uk/programmes/b00t28d4}, \url{http://www.archive.org/details/DoPiratesRuleTheAirWaves_DoPiratesRuleTheAirWaves_}},
	Note = "{2011 m. rugpjūčio 28 d.}",
	Title = {Do Pirates Rule The Air Waves? (audio)},
	Year = {2010}}

@misc{vice_london_pirate_sequences,
	Author = {Matt {MASON}},
	Publisher = "{VICE}",
	Date-Added = {2011-09-03 20:22:43 +0000},
	Date-Modified = {2011-09-03 20:23:52 +0000},
	Year = {2010},
	Howpublished = {\url{http://www.vbs.tv/watch/uneven-terrain/london-pirate-frequencies}},
	Note = "{2011 m. rugpjūčio 28 d.}",
	Title = {London Pirate Sequences}}

@book{ss_crossing_the_ether_british_public_service_radio_and_commercial_competition,
	Author = {Sean {STREET}},
	Address = {Eastleigh},
	Date-Added = {2011-09-03 20:20:54 +0000},
	Date-Modified = {2011-09-03 20:22:31 +0000},
	Isbn = {978-0-86196-668-4},
	Pages = {296},
	Publisher = {John Libbey Publishing},
	Title = {Crossing the Ether: British Public Service Radio and Commercial Competition 1922-1945},
	Year = {2006}}

@misc{tmc_free_radio_vs_the_fcc_a_case_study_of_micro_broadcasting,
	Author = {Ted M. {COOPMAN}},
	Date-Added = {2011-09-03 20:20:03 +0000},
	Date-Modified = {2011-09-03 20:20:38 +0000},
	Howpublished = {\url{http://www.roguecom.com/roguescholar/casestudy.html}},
	Publisher = "{Rogue Scholar}",
	Note = "{2011 m. rugpjūčio 28 d.}",
	Title = {Free Radio v. the FCC: A Case Study of Micro Broadcasting},
	Year = {1997}}

@misc{bbc_john_peel_sessions,
	Publisher = "{bbc.co.uk}",
	Date-Added = {2011-09-03 20:19:26 +0000},
	Date-Modified = {2011-09-03 20:19:55 +0000},
	Howpublished = {\url{http://www.bbc.co.uk/radio1/johnpeel/sessions/}},
	Note = "{2011 m. rugpjūčio 28 d.}",
	Month = {October},
	Title = {John Peel sessions},
	Year = {2005}}

@misc{guardian_radio_1_launches,
	Publisher = "{guardian.co.uk}",
	Date-Added = {2011-09-03 20:18:42 +0000},
	Date-Modified = {2011-09-03 20:19:13 +0000},
	Howpublished = {\url{http://www.guardian.co.uk/music/2011/jun/11/radio-one-launches}},
	Note = "{2011 m. rugpjūčio 28 d.}",
	Year = {2011},
	Title = {Radio 1 launches}}

@misc{uk_population_1965,
	Publisher = "{World Bank, World Development Indicators}",
	Date-Added = {2011-09-03 20:17:27 +0000},
	Date-Modified = {2011-09-03 20:18:35 +0000},
	Note = "{2011 m. rugpjūčio 28 d.}",
	Year = {2011},
	Howpublished = {\url{http://www.google.lt/publicdata/explore?ds=d5bncppjof8f9_&ctype=l&strail=false&nselm=h&met_y=sp_pop_totl&scale_y=lin&ind_y=false&rdim=country&idim=country:GBR&ifdim=country&tstart=-136954800000&tend=-42260400000&iconSize=0.5&icfg&uniSize=0.035}},
	Title = "{Google Public Data Explorer: UK Population in 1965}"}

@book{js_continuum_encyclopedia,
	Author = {John {SHEPHERD}},
	Date-Added = {2011-09-03 20:15:59 +0000},
	Date-Modified = {2011-09-03 20:17:24 +0000},
	Isbn = {978-0826463210},
	Pages = {832},
	Address = {London},
	Publisher = {Continuum},
	Title = {Continuum Encyclopedia of Popular Music of the World},
	Volume = {1},
	Year = {2003}}

@misc{imdb_pirate_radio,
	Publisher = "{The Internet Movie Database}",
	Date-Added = {2011-09-03 20:15:19 +0000},
	Date-Modified = {2011-09-03 20:15:51 +0000},
	Note = "{2011 m. rugpjūčio 28 d.}",
	Year = {2011},
	Howpublished = {\url{http://www.imdb.com/title/tt1131729/}},
	Title = {Pirate Radio (2009)}}

@misc{hn_radio_mercur_when_mercury_got_wings,
	Author = {Henrik {NOERGAARD}},
	Date-Added = {2011-09-03 20:14:29 +0000},
	Date-Modified = {2011-09-03 20:15:10 +0000},
	Publisher = "{radio-mercur.dk}",
	Year = {2011},
	Note = "{2011 m. rugpjūčio 28 d.}",
	Howpublished = {\url{http://www.radio-mercur.dk/intro.html?center=english-summary-center.html}},
	Title = {When Mercury got wings: Radio Mercur in memoriam 50 years later}}

@misc{itv_first_commercial_tv_in_britain,
	Publisher = "{ITV plc}",
	Date-Added = {2011-09-03 20:13:43 +0000},
	Date-Modified = {2011-09-03 20:14:21 +0000},
	Howpublished = {\url{http://www.itvplc.com/about/history/}},
	Note = "{2011 m. rugpjūčio 28 d.}",
	Year = {2011},
	Title = {ITV History}}

@misc{bbc_first_commercial_radio,
	Publisher = "{bbc.co.uk}",
	Date-Added = {2011-09-03 20:12:52 +0000},
	Date-Modified = {2011-09-03 20:13:26 +0000},
	Note = "{2011 m. rugpjūčio 28 d.}",
	Year = {2011},
	Howpublished = {\url{http://news.bbc.co.uk/onthisday/hi/dates/stories/october/8/newsid_2530000/2530721.stm}},
	Title = {1973: Commercial radio joins UK airwaves}}

@misc{mw_freedom_of_the_seas,
	Publisher = "{Merriam-Webster Dictionary}",
	Date-Added = {2011-09-03 20:11:42 +0000},
	Date-Modified = {2011-09-03 20:12:42 +0000},
	Note = "{2011 m. rugpjūčio 28 d.}",
	Year = {2011},
	Howpublished = {\url{http://www.merriam-webster.com/dictionary/freedom+of+the+seas}},
	Title = {Definition of "freedom of the seas"}}

@book{chs_encyclopedia_of_radio,
	Author = {Christopher H. {STERLING}},
	Date-Added = {2011-09-03 20:07:35 +0000},
	Date-Modified = {2011-09-03 20:09:19 +0000},
	Isbn = {1579582494},
	Pages = {1696},
	Publisher = {Taylor & Francis},
	Address = {London},
	Title = {Encyclopedia of Radio},
	Year = {2003}}

@book{hc_key_concepts_in_radio_studies,
	Author = {Hugh {CHIGNELL}},
	Date-Added = {2011-09-03 20:05:05 +0000},
	Date-Modified = {2011-09-03 20:07:13 +0000},
	Isbn = {978-1412935173},
	Pages = {200},
	Publisher = {Sage Publications Ltd},
	Address = {London},
	Title = {Key Concepts in Radio Studies},
	Year = {2009}}

@book{cf_the_radio_handbook,
	Author = {Carole {FLEMING}},
	Date-Added = {2011-09-03 20:00:53 +0000},
	Date-Modified = {2011-09-03 20:07:22 +0000},
	Edition = {3 edition},
	Isbn = {978-0415445085},
	Pages = {232},
	Publisher = {Routledge},
	Address = {New York},
	Title = {The Radio Handbook},
	Year = {2009}}

@comment{BibDesk Static Groups{
<?xml version="1.0" encoding="UTF-8"?>
<!DOCTYPE plist PUBLIC "-//Apple//DTD PLIST 1.0//EN" "http://www.apple.com/DTDs/PropertyList-1.0.dtd">
<plist version="1.0">
<array>
	<dict>
		<key>group name</key>
		<string>Izraelis</string>
		<key>keys</key>
		<string>soundscapes_the_worlds_last_offshore_radio_stations,soundscapes_talking_peace_in_new_york,soundscapes_voice_of_peace,israelradio_history,yk_the_other_media_alternative_communications_in_israel,offshore_radio_israel,os_the_noble_pirate_the_voice_of_peace_offshore_radio_station,soundscapes_abie_nathans_peace_programme,sfgate_in_israel_pirate_radio_plies_mainstream</string>
	</dict>
</array>
</plist>
}}
